@book{degroot2021,
  author    = {Morris H. DeGroot and Mark J. Schervish},
  title     = {Probability and Statistics},
  edition   = {5th},
  year      = {2021},
  publisher = {Pearson},
  address   = {Boston},
  isbn      = {9780321500465}
}

@book{blitzstein2019,
  author    = {Joseph K. Blitzstein and Jessica Hwang},
  title     = {Introduction to Probability},
  edition   = {2nd},
  year      = {2019},
  publisher = {Chapman and Hall/CRC},
  address   = {Boca Raton},
  isbn      = {9781138369917}
}

@book{stoyanov2013,
  author    = {Jordan M. Stoyanov},
  title     = {Counterexamples in Probability},
  edition   = {3rd},
  year      = {2013},
  publisher = {Dover Publications},
  address   = {Mineola, NY},
  isbn      = {9780486499987}
}

@book{bernoulli1713,
  author    = {Jakob Bernoulli},
  title     = {Ars Conjectandi, Opus Posthumum: Accedit Tractatus de Seriebus Infinitis, et Epistola Gallice Scripta de Ludo Pilæ Reticularis},
  year      = {1713},
  publisher = {Impensis Thurnisiorum Fratrum},
  address   = {Basel},
  language  = {Latin}
}

@book{poisson1837theorie,
  author    = {Siméon Denis Poisson},
  title     = {Théorie analytique des probabilités},
  year      = {1837},
  publisher = {Bachelier},
  address   = {Paris}
}

@book{georgii2009,
  author    = {Hans-Otto Georgii},
  title     = {Stochastik: Einführung und Anwendungen},
  year      = {2009},
  publisher = {de Gruyter},
  series    = {de Gruyter Lehrbuch},
  address   = {Berlin, Boston},
  edition   = {3},
  isbn      = {978-3-11-020721-3}
}

@article{borel1909probabilites,
  author    = {Émile Borel, M.},
  title     = {Les probabilit{\'e}s d{\'e}nombrables et leurs applications arithm{\'e}tiques},
  journal   = {Rendiconti del Circolo Matematico di Palermo (1884-1940)},
  volume    = {27},
  number    = {1},
  year      = {1909}
}

@article{chebyshev1867,
  author    = {de Tch{\'e}bychef, P.-L.},
  title     = {Des valeurs moyennes},
  journal   = {Journal de Math{\'e}matiques Pures et Appliqu{\'e}es},
  volume    = {12},
  year      = {1867}
}

@book{walz2001,
  editor    = {Guido Walz},
  title     = {Lexikon der Mathematik: in sechs Bänden},
  year      = {2001},
  publisher = {Spektrum Akademischer Verlag},
  address   = {Heidelberg}
}
